@online{WritingChallenges,
  author = {Bamidele},
  title = {Writing Challenges: 18 Challenges Writers Face and How to Overcome Them},
  year = 2016,
  howpublished={\url{
https://www.writersincharge.com/challenges-writers-face/,
  urldate = {2018-01-13}
}
@online{JapaneseAIWritesaNovel,
  author = {Natalie Shoemaker},
  title = {Japanese AI Writes a Novel, Nearly Wins Literary Award},
  year = 2016,
  howpublished={\url{
http://bigthink.com/natalie-shoemaker/a-japanese-ai-wrote-a-novel-almost-wins-literary-award,
  urldate = {2018-01-14}
}