@online{WordRNNTensorflow,
  author = {Sung Kim},
  title = {word-rnn-tensorflow},
  year = "2016 (accessed 2018-01-15)",
  note="\url{https://github.com/hunkim/word-rnn-tensorflow/}"
}
@online{JapaneseAIWritesaNovel,
  author = {Natalie Shoemaker},
  title = {Japanese AI Writes a Novel, Nearly Wins Literary Award},
  year = "2016 (accessed 2018-01-14)",
  note="\url{http://bigthink.com/natalie-shoemaker/a-japanese-ai-wrote-a-novel-almost-wins-literary-award}"
}
